
@inproceedings{fraccaro2017disentangled,
	Author = {Fraccaro, Marco and Kamronn, Simon and Paquet, Ulrich and Winther, Ole},
	Booktitle = {Advances in Neural Information Processing Systems},
	Date-Added = {2020-04-24 14:41:43 -0400},
	Date-Modified = {2020-04-24 14:41:43 -0400},
	Pages = {3601--3610},
	Title = {A disentangled recognition and nonlinear dynamics model for unsupervised learning},
	Year = {2017}}
	
@inproceedings{vae_rezende,
  title={Stochastic backpropagation and variational inference in deep latent gaussian models},
  author={Rezende, Danilo Jimenez and Mohamed, Shakir and Wierstra, Daan},
  booktitle={International Conference on Machine Learning},
  volume={2},
  year={2014}
}

	
@article{bertolero2015modular,
  title={The modular and integrative functional architecture of the human brain},
  author={Bertolero, Maxwell A and Yeo, BT Thomas and Dâ€™Esposito, Mark},
  journal={Proceedings of the National Academy of Sciences},
  volume={112},
  number={49},
  pages={E6798--E6807},
  year={2015},
  publisher={National Acad Sciences}
}
	
@article{mirchev2018approximate,
  title={Approximate Bayesian inference in spatial environments},
  author={Mirchev, Atanas and Kayalibay, Baris and Soelch, Maximilian and van der Smagt, Patrick and Bayer, Justin},
  journal={arXiv preprint arXiv:1805.07206},
  year={2018}
}
	
@article{op3,
  title={Entity Abstraction in Visual Model-Based Reinforcement Learning},
  author={Veerapaneni, Rishi and Co-Reyes, John D and Chang, Michael and Janner, Michael and Finn, Chelsea and Wu, Jiajun and Tenenbaum, Joshua B and Levine, Sergey},
  journal={arXiv preprint arXiv:1910.12827},
  year={2019}
}

@inproceedings{transformer,
  title={Attention is all you need},
  author={Vaswani, Ashish and Shazeer, Noam and Parmar, Niki and Uszkoreit, Jakob and Jones, Llion and Gomez, Aidan N and Kaiser, {\L}ukasz and Polosukhin, Illia},
  booktitle={Advances in neural information processing systems},
  pages={5998--6008},
  year={2017}
}

@article{worldmodels,
  title={World models},
  author={Ha, David and Schmidhuber, J{\"u}rgen},
  journal={arXiv preprint arXiv:1803.10122},
  year={2018}
}

@article{agnew20,
  title={Relevance-Guided Modeling of Object Dynamics for Reinforcement Learning},
  author={Agnew, William and Domingos, Pedro},
  journal={arXiv preprint arXiv:2003.01384},
  year={2020}
}

@article{davidson2020investigating,
  title={Investigating Simple Object Representations in Model-Free Deep Reinforcement Learning},
  author={Davidson, Guy and Lake, Brenden M.},
  journal={arXiv preprint arXiv:2002.06703},
  year={2020}
}

@article{roots,
  title={Learning to Infer 3D Object Models from Images},
  author={Chen, Chang and Deng, Fei and Ahn, Sungjin},
  journal={arXiv preprint arXiv:2006.06130},
  year={2020}
}

@book{kahneman2011thinking,
  title={Thinking, fast and slow},
  author={Kahneman, Daniel},
  year={2011},
  publisher={Macmillan}
}

@inproceedings{gswm,
  title={Improving Generative Imagination in Object-Centric World Models},
  author={Zhixuan Lin and Yi-Fu Wu and Skand Vishwanath Peri and  Jindong Jiang and Sungjin Ahn},
  booktitle={International Conference on Machine Learning},
  pages={4114--4124},
  year={2020}
}


@inproceedings{locatello2019challenging,
  title={Challenging Common Assumptions in the Unsupervised Learning of Disentangled Representations},
  author={Locatello, Francesco and Bauer, Stefan and Lucic, Mario and Raetsch, Gunnar and Gelly, Sylvain and Sch{\"o}lkopf, Bernhard and Bachem, Olivier},
  booktitle={International Conference on Machine Learning},
  pages={4114--4124},
  year={2019}
}

@article{hawkins2018framework,
	Author = {Hawkins, Jeff and Lewis, Marcus and Klukas, Mirko and Purdy, Scott and Ahmad, Subutai},
	Date-Added = {2020-04-24 14:41:43 -0400},
	Date-Modified = {2020-04-24 14:41:43 -0400},
	Journal = {Frontiers in neural circuits},
	Publisher = {Frontiers Media SA},
	Title = {A Framework for Intelligence and Cortical Function Based on Grid Cells in the Neocortex},
	Volume = {12},
	Year = {2018}}

@article{nklm,
	Author = {Ahn, Sungjin and Choi, Heeyoul and P{\"a}rnamaa, Tanel and Bengio, Yoshua},
	Date-Added = {2020-04-24 14:41:43 -0400},
	Date-Modified = {2020-04-24 14:41:43 -0400},
	Journal = {arXiv preprint arXiv:1608.00318},
	Title = {A neural knowledge language model},
	Year = {2016}}

@inproceedings{vrnn,
	Author = {Chung, Junyoung and Kastner, Kyle and Dinh, Laurent and Goel, Kratarth and Courville, Aaron C and Bengio, Yoshua},
	Booktitle = {Advances in neural information processing systems},
	Date-Added = {2020-04-24 14:41:43 -0400},
	Date-Modified = {2020-04-24 15:04:14 -0400},
	Pages = {2980--2988},
	Title = {A recurrent latent variable model for sequential data},
	Year = {2015}}

@inproceedings{neitz2018adaptive,
	Author = {Neitz, Alexander and Parascandolo, Giambattista and Bauer, Stefan and Sch{\"o}lkopf, Bernhard},
	Booktitle = {Advances in Neural Information Processing Systems},
	Date-Added = {2020-04-24 14:41:43 -0400},
	Date-Modified = {2020-04-24 14:41:43 -0400},
	Pages = {9838--9848},
	Title = {Adaptive Skip Intervals: Temporal Abstraction for Recurrent Dynamical Models},
	Year = {2018}}

@article{van2019disentangled,
	Author = {van Steenkiste, Sjoerd and Locatello, Francesco and Schmidhuber, J{\"u}rgen and Bachem, Olivier},
	Date-Added = {2020-04-24 14:41:43 -0400},
	Date-Modified = {2020-04-24 14:41:43 -0400},
	Journal = {arXiv preprint arXiv:1905.12506},
	Title = {Are Disentangled Representations Helpful for Abstract Visual Reasoning?},
	Year = {2019}}

@inproceedings{air,
	Author = {Eslami, SM Ali and Heess, Nicolas and Weber, Theophane and Tassa, Yuval and Szepesvari, David and Hinton, Geoffrey E},
	Booktitle = {Advances in Neural Information Processing Systems},
	Date-Added = {2020-04-24 14:41:43 -0400},
	Date-Modified = {2020-04-24 14:41:43 -0400},
	Pages = {3225--3233},
	Title = {Attend, infer, repeat: Fast scene understanding with generative models},
	Year = {2016}}
	
@article{garcia2017review,
  title={A review on deep learning techniques applied to semantic segmentation},
  author={Garcia-Garcia, Alberto and Orts-Escolano, Sergio and Oprea, Sergiu and Villena-Martinez, Victor and Garcia-Rodriguez, Jose},
  journal={arXiv preprint arXiv:1704.06857},
  year={2017}
}	

@article{hoydal2019object,
  title={Object-vector coding in the medial entorhinal cortex},
  author={H{\o}ydal, {\O}yvind Arne and Skyt{\o}en, Emilie Ranheim and Andersson, Sebastian Ola and Moser, May-Britt and Moser, Edvard I},
  journal={Nature},
  volume={568},
  number={7752},
  pages={400--404},
  year={2019},
  publisher={Nature Publishing Group}
}

@article{doshi2017accountability,
  title={Accountability of AI under the law: The role of explanation},
  author={Doshi-Velez, Finale and Kortz, Mason and Budish, Ryan and Bavitz, Chris and Gershman, Sam and O'Brien, David and Schieber, Stuart and Waldo, James and Weinberger, David and Wood, Alexandra},
  journal={arXiv preprint arXiv:1711.01134},
  year={2017}
}

@misc{ehrhardt2020relate,
      title={RELATE: Physically Plausible Multi-Object Scene Synthesis Using Structured Latent Spaces}, 
      author={Sebastien Ehrhardt and Oliver Groth and Aron Monszpart and Martin Engelcke and Ingmar Posner and Niloy Mitra and Andrea Vedaldi},
      year={2020},
      eprint={2007.01272},
      archivePrefix={arXiv},
      primaryClass={cs.CV}
}

@article{van2020investigating,
  title={Investigating object compositionality in generative adversarial networks},
  author={van Steenkiste, Sjoerd and Kurach, Karol and Schmidhuber, J{\"u}rgen and Gelly, Sylvain},
  journal={Neural Networks},
  volume={130},
  pages={309--325},
  year={2020},
  publisher={Elsevier}
}

@article{bahdanau2018systematic,
  title={Systematic generalization: what is required and can it be learned?},
  author={Bahdanau, Dzmitry and Murty, Shikhar and Noukhovitch, Michael and Nguyen, Thien Huu and de Vries, Harm and Courville, Aaron},
  journal={arXiv preprint arXiv:1811.12889},
  year={2018}
}

@article{van2019perspective,
  title={A perspective on objects and systematic generalization in model-based rl},
  author={van Steenkiste, Sjoerd and Greff, Klaus and Schmidhuber, J{\"u}rgen},
  journal={arXiv preprint arXiv:1906.01035},
  year={2019}
}

@article{yuille2006vision,
  title={Vision as Bayesian inference: analysis by synthesis?},
  author={Yuille, Alan and Kersten, Daniel},
  journal={Trends in cognitive sciences},
  volume={10},
  number={7},
  pages={301--308},
  year={2006},
  publisher={Elsevier}
}

@article{dupont2020equivariant,
  title={Equivariant Neural Rendering},
  author={Dupont, Emilien and Bautista, Miguel Angel and Colburn, Alex and Sankar, Aditya and Guestrin, Carlos and Susskind, Josh and Shan, Qi},
  journal={arXiv preprint arXiv:2006.07630},
  year={2020}
}

@article{maml,
  title={Model-agnostic meta-learning for fast adaptation of deep networks},
  author={Finn, Chelsea and Abbeel, Pieter and Levine, Sergey},
  journal={arXiv preprint arXiv:1703.03400},
  year={2017}
}

@phdthesis{phdthesis,
  title={Stochastic Gradient MCMC: Algorithms and Applications},
  author={Ahn, Sungjin},
  year={2015},
  school={UC Irvine}
}

@article{otsu1979threshold,
  title={A threshold selection method from gray-level histograms},
  author={Otsu, Nobuyuki},
  journal={IEEE transactions on systems, man, and cybernetics},
  volume={9},
  number={1},
  pages={62--66},
  year={1979},
  publisher={IEEE}
}

@article{npe,
  title={A compositional object-based approach to learning physical dynamics},
  author={Chang, Michael B and Ullman, Tomer and Torralba, Antonio and Tenenbaum, Joshua B},
  journal={arXiv preprint arXiv:1612.00341},
  year={2016}
}

@article{nvae,
  title={Nvae: A deep hierarchical variational autoencoder},
  author={Vahdat, Arash and Kautz, Jan},
  journal={arXiv preprint arXiv:2007.03898},
  year={2020}
}
	
@article{zhao2019object,
  title={Object detection with deep learning: A review},
  author={Zhao, Zhong-Qiu and Zheng, Peng and Xu, Shou-tao and Wu, Xindong},
  journal={IEEE transactions on neural networks and learning systems},
  volume={30},
  number={11},
  pages={3212--3232},
  year={2019},
  publisher={IEEE}
}
	
@inproceedings{gregor2019shaping,
  title={Shaping Belief States with Generative Environment Models for RL},
  author={Gregor, Karol and Rezende, Danilo Jimenez and Besse, Frederic and Wu, Yan and Merzic, Hamza and van den Oord, Aaron},
  booktitle={Advances in Neural Information Processing Systems},
  pages={13475--13487},
  year={2019}
}

@article{predictivecoding,
  title={Predictive coding in the visual cortex: a functional interpretation of some extra-classical receptive-field effects},
  author={Rao, Rajesh PN and Ballard, Dana H},
  journal={Nature neuroscience},
  volume={2},
  number={1},
  pages={79--87},
  year={1999},
  publisher={Nature Publishing Group}
}

@article{kriegeskorte2013representational,
  title={Representational geometry: integrating cognition, computation, and the brain},
  author={Kriegeskorte, Nikolaus and Kievit, Rogier A},
  journal={Trends in cognitive sciences},
  volume={17},
  number={8},
  pages={401--412},
  year={2013},
  publisher={Elsevier}
}


@article{hartley2014space,
  title={Space in the brain: how the hippocampal formation supports spatial cognition},
  author={Hartley, Tom and Lever, Colin and Burgess, Neil and O'Keefe, John},
  journal={Philosophical Transactions of the Royal Society B: Biological Sciences},
  volume={369},
  number={1635},
  pages={20120510},
  year={2014},
  publisher={The Royal Society}
}

@article{dreamer,
  title={Dream to control: Learning behaviors by latent imagination},
  author={Hafner, Danijar and Lillicrap, Timothy and Ba, Jimmy and Norouzi, Mohammad},
  journal={arXiv preprint arXiv:1912.01603},
  year={2019}
}

@article{voulodimos2018deep,
  title={Deep learning for computer vision: A brief review},
  author={Voulodimos, Athanasios and Doulamis, Nikolaos and Doulamis, Anastasios and Protopapadakis, Eftychios},
  journal={Computational intelligence and neuroscience},
  volume={2018},
  publisher={Hindawi}
}

@article{lecun2015deep,
  title={Deep learning},
  author={LeCun, Yann and Bengio, Yoshua and Hinton, Geoffrey},
  journal={nature},
  volume={521},
  number={7553},
  pages={436--444},
  year={2015},
  publisher={Nature Publishing Group}
}

@article{momennejad2020learning,
  title={Learning Structures: Predictive Representations, Replay, and Generalization},
  author={Momennejad, Ida},
  journal={Current Opinion in Behavioral Sciences},
  volume={32},
  pages={155--166},
  year={2020},
  publisher={Elsevier}
}


@inproceedings{alexnet,
  title={Imagenet classification with deep convolutional neural networks},
  author={Krizhevsky, Alex and Sutskever, Ilya and Hinton, Geoffrey E},
  booktitle={Advances in neural information processing systems},
  pages={1097--1105},
  year={2012}
}

@article{rolls2005object,
  title={Object, space, and object-space representations in the primate hippocampus},
  author={Rolls, Edmund T and Xiang, Jianzhong and Franco, Leonardo},
  journal={Journal of neurophysiology},
  volume={94},
  number={1},
  pages={833--844},
  year={2005},
  publisher={American Physiological Society}
}


@article{whatiscognitivemap,
  title={What is a cognitive map? Organizing knowledge for flexible behavior},
  author={Behrens, Timothy EJ and Muller, Timothy H and Whittington, James CR and Mark, Shirley and Baram, Alon B and Stachenfeld, Kimberly L and Kurth-Nelson, Zeb},
  journal={Neuron},
  volume={100},
  number={2},
  pages={490--509},
  year={2018},
  publisher={Elsevier}
}


@inproceedings{pixelcnn,
  title={Conditional image generation with pixelcnn decoders},
  author={Van den Oord, Aaron and Kalchbrenner, Nal and Espeholt, Lasse and Vinyals, Oriol and Graves, Alex and others},
  booktitle={Advances in neural information processing systems},
  pages={4790--4798},
  year={2016}
}


@article{anp,
	Author = {Kim, Hyunjik and Mnih, Andriy and Schwarz, Jonathan and Garnelo, Marta and Eslami, Ali and Rosenbaum, Dan and Vinyals, Oriol and Teh, Yee Whye},
	Date-Added = {2020-04-24 14:41:43 -0400},
	Date-Modified = {2020-04-24 15:04:35 -0400},
	Journal = {arXiv preprint arXiv:1901.05761},
	Title = {Attentive neural processes},
	Year = {2019}}
	
	
@book{sterling2015principles,
  title={Principles of neural design},
  author={Sterling, Peter and Laughlin, Simon},
  year={2015},
  publisher={MIT Press}
}

@inproceedings{aesmc,
	Author = {Tuan Anh Le and Maximilian Igl and Tom Rainforth and Tom Jin and Frank Wood},
	Booktitle = {International Conference on Learning Representations},
	Date-Added = {2020-04-24 14:59:20 -0400},
	Date-Modified = {2020-04-24 15:00:19 -0400},
	Title = {Auto-Encoding Sequential Monte Carlo},
	Url = {https://openreview.net/forum?id=BJ8c3f-0b},
	Year = {2018},
	Bdsk-Url-1 = {https://openreview.net/forum?id=BJ8c3f-0b}}
	
@article{sporns2016modular,
  title={Modular brain networks},
  author={Sporns, Olaf and Betzel, Richard F},
  journal={Annual review of psychology},
  volume={67},
  pages={613--640},
  year={2016},
  publisher={Annual Reviews}
}

@misc{hatch2001design,
  title={Design rules, volume 1: The power of modularity},
  author={Hatch, Nile W},
  year={2001},
  publisher={Academy of Management Briarcliff Manor, NY 10510}
}

@inproceedings{nmn,
  author    = {Jacob Andreas and
               Marcus Rohrbach and
               Trevor Darrell and
               Dan Klein},
  title     = {Neural Module Networks},
  booktitle = {2016 {IEEE} Conference on Computer Vision and Pattern Recognition,
               {CVPR} 2016, Las Vegas, NV, USA, June 27-30, 2016},
  pages     = {39--48},
  publisher = {{IEEE} Computer Society},
  year      = {2016},
  url       = {https://doi.org/10.1109/CVPR.2016.12},
  doi       = {10.1109/CVPR.2016.12},
  timestamp = {Wed, 16 Oct 2019 14:14:50 +0200},
  biburl    = {https://dblp.org/rec/conf/cvpr/AndreasRDK16.bib},
  bibsource = {dblp computer science bibliography, https://dblp.org}
}

@article{vae,
	Author = {Kingma, Diederik P and Welling, Max},
	Date-Added = {2020-04-24 14:41:43 -0400},
	Date-Modified = {2020-04-24 14:41:43 -0400},
	Journal = {arXiv preprint arXiv:1312.6114},
	Title = {Auto-encoding variational bayes},
	Year = {2013}}

@article{relax,
	Author = {Grathwohl, Will and Choi, Dami and Wu, Yuhuai and Roeder, Geoffrey and Duvenaud, David},
	Date-Added = {2020-04-24 14:41:43 -0400},
	Date-Modified = {2020-04-24 14:41:43 -0400},
	Journal = {arXiv preprint arXiv:1711.00123},
	Title = {Backpropagation through the void: Optimizing control variates for black-box gradient estimation},
	Year = {2017}}

@article{bmaml,
	Author = {Kim, Taesup and Yoon, Jaesik and Dia, Ousmane and Kim, Sungwoong and Bengio, Yoshua and Ahn, Sungjin},
	Date-Added = {2020-04-24 14:41:43 -0400},
	Date-Modified = {2020-04-24 14:41:43 -0400},
	Journal = {Neural Information Processing Systems},
	Title = {Bayesian model-agnostic meta-learning},
	Year = {2018}}

@article{sgfs,
	Author = {Ahn, Sungjin and Korattikara, Anoop and Welling, Max},
	Date-Added = {2020-04-24 14:41:43 -0400},
	Date-Modified = {2020-04-24 14:41:43 -0400},
	Journal = {International Conference on Machine Learning},
	Title = {Bayesian posterior sampling via stochastic gradient Fisher scoring},
	Year = {2012}}

@inproceedings{hay2018behavior,
	Author = {Hay, Nicholas and Stark, Michael and Schlegel, Alexander and Wendelken, Carter and Park, Dennis and Purdy, Eric and Silver, Tom and Phoenix, D Scott and George, Dileep},
	Booktitle = {AAAI},
	Date-Added = {2020-04-24 14:41:43 -0400},
	Date-Modified = {2020-04-24 14:41:43 -0400},
	Title = {Behavior Is Everything: Towards Representing Concepts with Sensorimotor Contingencies.},
	Year = {2018}}

@inproceedings{betavae,
	Author = {Irina Higgins and Lo{\"\i}c Matthey and Arka Pal and Christopher Burgess and Xavier Glorot and Matthew M Botvinick and Shakir Mohamed and Alexander Lerchner},
	Booktitle = {ICLR},
	Date-Added = {2020-04-24 14:48:09 -0400},
	Date-Modified = {2020-04-24 14:48:25 -0400},
	Title = {beta-VAE: Learning Basic Visual Concepts with a Constrained Variational Framework},
	Year = {2017}}

@article{gumbel,
	Author = {Jang, Eric and Gu, Shixiang and Poole, Ben},
	Date-Added = {2020-04-24 14:41:43 -0400},
	Date-Modified = {2020-04-24 14:41:43 -0400},
	Journal = {arXiv preprint arXiv:1611.01144},
	Title = {Categorical reparameterization with gumbel-softmax},
	Year = {2016}}

@book{forsyth2014computervision,
	Author = {David A. Forsyth, Jean Ponce},
	Date-Added = {2020-04-24 14:41:43 -0400},
	Date-Modified = {2020-04-24 14:41:43 -0400},
	Publisher = {Pearson},
	Title = {Computer Vision: A Modern Approach},
	Year = {2011}}

@article{quiroga2012concept,
	Author = {Quiroga, Rodrigo Quian},
	Date-Added = {2020-04-24 14:41:43 -0400},
	Date-Modified = {2020-04-24 14:41:43 -0400},
	Journal = {Nature Reviews Neuroscience},
	Number = {8},
	Pages = {587},
	Publisher = {Nature Publishing Group},
	Title = {Concept cells: the building blocks of declarative memory functions},
	Volume = {13},
	Year = {2012}}

@article{garnelo2018conditional,
	Author = {Garnelo, Marta and Rosenbaum, Dan and Maddison, Chris J and Ramalho, Tiago and Saxton, David and Shanahan, Murray and Teh, Yee Whye and Rezende, Danilo J and Eslami, SM},
	Date-Added = {2020-04-24 14:41:43 -0400},
	Date-Modified = {2020-04-24 14:41:43 -0400},
	Journal = {arXiv preprint arXiv:1807.01613},
	Title = {Conditional neural processes},
	Year = {2018}}
	
@inproceedings{convdraw,
  title={Towards conceptual compression},
  author={Gregor, Karol and Besse, Frederic and Rezende, Danilo Jimenez and Danihelka, Ivo and Wierstra, Daan},
  booktitle={Advances In Neural Information Processing Systems},
  pages={3549--3557},
  year={2016}
}


@article{kumar2018consistent,
	Author = {Kumar, Ananya and Eslami, SM and Rezende, Danilo J and Garnelo, Marta and Viola, Fabio and Lockhart, Edward and Shanahan, Murray},
	Date-Added = {2020-04-24 14:41:43 -0400},
	Date-Modified = {2020-04-24 14:41:43 -0400},
	Journal = {arXiv preprint arXiv:1807.02033},
	Title = {Consistent generative query networks},
	Year = {2018}}

@inproceedings{convlstm,
	Author = {Xingjian, SHI and Chen, Zhourong and Wang, Hao and Yeung, Dit-Yan and Wong, Wai-Kin and Woo, Wang-chun},
	Booktitle = {Advances in neural information processing systems},
	Date-Added = {2020-04-24 14:41:43 -0400},
	Date-Modified = {2020-04-24 14:41:43 -0400},
	Pages = {802--810},
	Title = {Convolutional LSTM network: A machine learning approach for precipitation nowcasting},
	Year = {2015}}

@article{karl2016deep,
	Author = {Karl, Maximilian and Soelch, Maximilian and Bayer, Justin and van der Smagt, Patrick},
	Date-Added = {2020-04-24 14:41:43 -0400},
	Date-Modified = {2020-04-24 14:41:43 -0400},
	Journal = {arXiv preprint arXiv:1605.06432},
	Title = {Deep variational bayes filters: Unsupervised learning of state space models from raw data},
	Year = {2016}}

@inproceedings{dvae,
	Author = {Im, Daniel Im Jiwoong and Ahn, Sungjin and Memisevic, Roland and Bengio, Yoshua},
	Booktitle = {Thirty-First AAAI Conference on Artificial Intelligence},
	Date-Added = {2020-04-24 14:41:43 -0400},
	Date-Modified = {2020-04-24 14:41:43 -0400},
	Title = {Denoising criterion for variational auto-encoding framework},
	Year = {2017}}

@inproceedings{ahn2013distributed,
	Author = {Ahn, Sungjin and Chen, Yutian and Welling, Max},
	Booktitle = {Artificial Intelligence and Statistics},
	Date-Added = {2020-04-24 14:41:43 -0400},
	Date-Modified = {2020-04-24 14:41:43 -0400},
	Pages = {108--116},
	Title = {Distributed and adaptive darting Monte Carlo through regenerations},
	Year = {2013}}

@inproceedings{dsgfs,
	Author = {Ahn, Sungjin and Shahbaba, Babak and Welling, Max},
	Booktitle = {International Conference on Machine Learning},
	Date-Added = {2020-04-24 14:41:43 -0400},
	Date-Modified = {2020-04-24 14:41:43 -0400},
	Pages = {1044--1052},
	Title = {Distributed stochastic gradient MCMC},
	Year = {2014}}

@article{bernardin2008evaluating,
	Author = {Bernardin, Keni and Stiefelhagen, Rainer},
	Date-Added = {2020-04-24 14:41:43 -0400},
	Date-Modified = {2020-04-24 14:41:43 -0400},
	Journal = {Journal on Image and Video Processing},
	Pages = {1},
	Publisher = {Hindawi Publishing Corp.},
	Title = {Evaluating multiple object tracking performance: the CLEAR MOT metrics},
	Volume = {2008},
	Year = {2008}}
	
@article{theis2015note,
  title={A note on the evaluation of generative models},
  author={Theis, Lucas and Oord, A{\"a}ron van den and Bethge, Matthias},
  journal={arXiv preprint arXiv:1511.01844},
  year={2015}
}

@article{silot,
	Author = {Crawford, Eric and Pineau, Joelle},
	Date-Added = {2020-04-24 14:41:43 -0400},
	Date-Modified = {2020-04-24 14:41:43 -0400},
	Journal = {arXiv preprint arXiv:1911.09033},
	Title = {Exploiting Spatial Invariance for Scalable Unsupervised Object Tracking},
	Year = {2019}}

@inproceedings{girshick2015fast,
	Author = {Girshick, Ross},
	Booktitle = {Proceedings of the IEEE international conference on computer vision},
	Date-Added = {2020-04-24 14:41:43 -0400},
	Date-Modified = {2020-04-24 14:41:43 -0400},
	Pages = {1440--1448},
	Title = {Fast r-cnn},
	Year = {2015}}

@inproceedings{ren2015faster,
	Author = {Ren, Shaoqing and He, Kaiming and Girshick, Ross and Sun, Jian},
	Booktitle = {Advances in neural information processing systems},
	Date-Added = {2020-04-24 14:41:43 -0400},
	Date-Modified = {2020-04-24 14:41:43 -0400},
	Pages = {91--99},
	Title = {Faster r-cnn: Towards real-time object detection with region proposal networks},
	Year = {2015}}

@book{yildirim2014perception,
	Author = {Yildirim, Ilker},
	Date-Added = {2020-04-24 14:41:43 -0400},
	Date-Modified = {2020-04-24 14:41:43 -0400},
	Publisher = {University of Rochester},
	Title = {From perception to conception: learning multisensory representations},
	Year = {2014}}

@inproceedings{long2015fully,
	Author = {Long, Jonathan and Shelhamer, Evan and Darrell, Trevor},
	Booktitle = {Proceedings of the IEEE conference on computer vision and pattern recognition},
	Date-Added = {2020-04-24 14:41:43 -0400},
	Date-Modified = {2020-04-24 14:41:43 -0400},
	Pages = {3431--3440},
	Title = {Fully convolutional networks for semantic segmentation},
	Year = {2015}}

@inproceedings{rasmussen2003gaussian,
	Author = {Rasmussen, Carl Edward},
	Booktitle = {Summer School on Machine Learning},
	Date-Added = {2020-04-24 14:41:43 -0400},
	Date-Modified = {2020-04-24 14:41:43 -0400},
	Organization = {Springer},
	Pages = {63--71},
	Title = {Gaussian processes in machine learning},
	Year = {2003}}

@article{bowman2015generating,
	Author = {Bowman, Samuel R and Vilnis, Luke and Vinyals, Oriol and Dai, Andrew M and Jozefowicz, Rafal and Bengio, Samy},
	Date-Added = {2020-04-24 14:41:43 -0400},
	Date-Modified = {2020-04-24 14:41:43 -0400},
	Journal = {arXiv preprint arXiv:1511.06349},
	Title = {Generating sentences from a continuous space},
	Year = {2015}}

@article{gmn,
	Author = {Lim, Jae Hyun and Pinheiro, Pedro O and Rostamzadeh, Negar and Pal, Christopher and Ahn, Sungjin},
	Date-Added = {2020-04-24 14:41:43 -0400},
	Date-Modified = {2020-04-24 14:41:43 -0400},
	Journal = {arXiv preprint (to appear)},
	Title = {Generative Multisensory Networks for 3D Scenes},
	Year = {2019}}
	
@article{dvrl,
  title={Deep variational reinforcement learning for POMDPs},
  author={Igl, Maximilian and Zintgraf, Luisa and Le, Tuan Anh and Wood, Frank and Whiteson, Shimon},
  journal={arXiv preprint arXiv:1806.02426},
  year={2018}
}

@article{asnp,
  title={Robustifying Sequential Neural Processes},
  author={Yoon, Jaesik and Singh, Gautam and Ahn, Sungjin},
  journal={International Conference on Machine Learning},
  year={2020}
}
	
@inproceedings{gnm,
  title={Generative Neurosymbolic Machines},
  author={Jiang, Jindong and Ahn, Sungjin},
  booktitle={Advances in Neural Information Processing Systems},
  year={2020}
}

@article{gemici2017generative,
	Author = {Gemici, Mevlana and Hung, Chia-Chun and Santoro, Adam and Wayne, Greg and Mohamed, Shakir and Rezende, Danilo J and Amos, David and Lillicrap, Timothy},
	Date-Added = {2020-04-24 14:41:43 -0400},
	Date-Modified = {2020-04-24 14:41:43 -0400},
	Journal = {arXiv preprint arXiv:1702.04649},
	Title = {Generative temporal models with memory},
	Year = {2017}}

@inproceedings{fraccaro2018generative,
	Author = {Fraccaro, Marco and Rezende, Danilo and Zwols, Yori and Pritzel, Alexander and Eslami, SM Ali and Viola, Fabio},
	Booktitle = {International Conference on Machine Learning},
	Date-Added = {2020-04-24 14:41:43 -0400},
	Date-Modified = {2020-04-24 14:41:43 -0400},
	Pages = {1544--1553},
	Title = {Generative Temporal Models with Spatial Memory for Partially Observed Environments},
	Year = {2018}}

@misc{genesis,
	Archiveprefix = {arXiv},
	Author = {Martin Engelcke and Adam R. Kosiorek and Oiwi Parker Jones and Ingmar Posner},
	Date-Added = {2020-04-24 14:41:43 -0400},
	Date-Modified = {2020-04-24 14:41:43 -0400},
	Eprint = {1907.13052},
	Primaryclass = {cs.LG},
	Title = {GENESIS: Generative Scene Inference and Sampling with Object-Centric Latent Representations},
	Year = {2019}}

@inproceedings{kosiorek2017hierarchical,
	Author = {Kosiorek, Adam and Bewley, Alex and Posner, Ingmar},
	Booktitle = {Advances in Neural Information Processing Systems},
	Date-Added = {2020-04-24 14:41:43 -0400},
	Date-Modified = {2020-04-24 14:41:43 -0400},
	Pages = {3053--3061},
	Title = {Hierarchical attentive recurrent tracking},
	Year = {2017}}

@inproceedings{hart,
	Author = {Kosiorek, Adam and Bewley, Alex and Posner, Ingmar},
	Booktitle = {Advances in Neural Information Processing Systems},
	Date-Added = {2020-04-24 14:41:43 -0400},
	Date-Modified = {2020-04-24 14:41:43 -0400},
	Pages = {3053--3061},
	Title = {Hierarchical attentive recurrent tracking},
	Year = {2017}}

@article{sarath16hierarch,
	Author = {Chandar, Sarath and Ahn, Sungjin and Larochelle, Hugo and Vincent, Pascal and Tasauro, Gerry and Bengio, Yoshua},
	Date-Added = {2020-04-24 14:41:43 -0400},
	Date-Modified = {2020-04-24 14:41:43 -0400},
	Journal = {arXiv preprint arXiv:1605.07427},
	Title = {Hierarchical Memory Networks},
	Year = {2016}}

@article{hmrnn,
	Author = {Chung, Junyoung and Ahn, Sungjin and Bengio, Yoshua},
	Date-Added = {2020-04-24 14:41:43 -0400},
	Date-Modified = {2020-04-24 14:41:43 -0400},
	Journal = {International Conference on Learning Representations},
	Title = {Hierarchical multiscale recurrent neural networks},
	Year = {2017}}

@inproceedings{ru_diversity,
	Date-Added = {2020-04-24 14:41:43 -0400},
	Date-Modified = {2020-04-24 14:41:43 -0400},
	Title = {How Does Rutgers Rank in Regards to Diversity of Its Student Body?},
	Url = {https://oirap.rutgers.edu/Diversity_Rankings_May\%202017.pdf},
	Year = {2017},
	Bdsk-Url-1 = {https://oirap.rutgers.edu/Diversity_Rankings_May%5C%202017.pdf}}

@inproceedings{tsividis2017human,
	Author = {Tsividis, Pedro A and Pouncy, Thomas and Xu, Jaqueline L and Tenenbaum, Joshua B and Gershman, Samuel J},
	Booktitle = {2017 AAAI Spring Symposium Series},
	Date-Added = {2020-04-24 14:41:43 -0400},
	Date-Modified = {2020-04-24 14:41:43 -0400},
	Title = {Human learning in Atari},
	Year = {2017}}

@inproceedings{elef2017ident,
	Author = {Eleftheriadis, Stefanos and Nicholson, Tom and Deisenroth, Marc and Hensman, James},
	Booktitle = {Advances in neural information processing systems},
	Date-Added = {2020-04-24 14:41:43 -0400},
	Date-Modified = {2020-04-24 14:41:43 -0400},
	Pages = {5309--5319},
	Title = {Identification of Gaussian process state space models},
	Year = {2017}}

@article{iwae,
	Author = {Burda, Yuri and Grosse, Roger and Salakhutdinov, Ruslan},
	Date-Added = {2020-04-24 14:41:43 -0400},
	Date-Modified = {2020-04-24 14:41:43 -0400},
	Journal = {arXiv preprint arXiv:1509.00519},
	Title = {Importance weighted autoencoders},
	Year = {2015}}

@article{allen2019infinite,
	Archiveprefix = {arXiv},
	Author = {Kelsey R. Allen and Evan Shelhamer and Hanul Shin and Joshua B. Tenenbaum},
	Date-Added = {2020-04-24 14:41:43 -0400},
	Date-Modified = {2020-04-24 14:41:43 -0400},
	Eprint = {1902.04552},
	Primaryclass = {cs.LG},
	Title = {Infinite Mixture Prototypes for Few-Shot Learning},
	Year = {2019}}

@inproceedings{infogan,
	Author = {Chen, Xi and Duan, Yan and Houthooft, Rein and Schulman, John and Sutskever, Ilya and Abbeel, Pieter},
	Booktitle = {Advances in neural information processing systems},
	Date-Added = {2020-04-24 14:46:49 -0400},
	Date-Modified = {2020-04-24 14:46:56 -0400},
	Pages = {2172--2180},
	Title = {Infogan: Interpretable representation learning by information maximizing generative adversarial nets},
	Year = {2016}}

@article{marino2018iterative,
	Author = {Marino, Joseph and Yue, Yisong and Mandt, Stephan},
	Date-Added = {2020-04-24 14:41:43 -0400},
	Date-Modified = {2020-04-24 14:41:43 -0400},
	Journal = {arXiv preprint arXiv:1807.09356},
	Title = {Iterative amortized inference},
	Year = {2018}}

@inproceedings{sonderby2016ladder,
	Author = {S{\o}nderby, Casper Kaae and Raiko, Tapani and Maal{\o}e, Lars and S{\o}nderby, S{\o}ren Kaae and Winther, Ole},
	Booktitle = {Advances in neural information processing systems},
	Date-Added = {2020-04-24 14:41:43 -0400},
	Date-Modified = {2020-04-24 14:41:43 -0400},
	Pages = {3738--3746},
	Title = {Ladder variational autoencoders},
	Year = {2016}}

@inproceedings{ahn2015large,
	Author = {Ahn, Sungjin and Korattikara, Anoop and Liu, Nathan and Rajan, Suju and Welling, Max},
	Booktitle = {Proceedings of the 21th ACM SIGKDD international conference on knowledge discovery and data mining},
	Date-Added = {2020-04-24 14:41:43 -0400},
	Date-Modified = {2020-04-24 14:41:43 -0400},
	Organization = {ACM},
	Pages = {9--18},
	Title = {Large-scale distributed Bayesian matrix factorization using stochastic gradient MCMC},
	Year = {2015}}
	
@inproceedings{clevr,
  title={Clevr: A diagnostic dataset for compositional language and elementary visual reasoning},
  author={Johnson, Justin and Hariharan, Bharath and van der Maaten, Laurens and Fei-Fei, Li and Lawrence Zitnick, C and Girshick, Ross},
  booktitle={Proceedings of the IEEE Conference on Computer Vision and Pattern Recognition},
  pages={2901--2910},
  year={2017}
}
	
@article{blockgan,
  title={BlockGAN: Learning 3D Object-aware Scene Representations from Unlabelled Images},
  author={Nguyen-Phuoc, Thu and Richardt, Christian and Mai, Long and Yang, Yong-Liang and Mitra, Niloy},
  journal={arXiv preprint arXiv:2002.08988},
  year={2020}
}

@article{liao2019towards,
  title={Towards Unsupervised Learning of Generative Models for 3D Controllable Image Synthesis},
  author={Liao, Yiyi and Schwarz, Katja and Mescheder, Lars and Geiger, Andreas},
  journal={arXiv preprint arXiv:1912.05237},
  year={2019}
}

@article{buesing2018learning,
	Autuor = {Buesing, Lars and Weber, Theophane and Racaniere, Sebastien and Eslami, SM and Rezende, Danilo and Reichert, David P and Viola, Fabio and Besse, Frederic and Gregor, Karol and Hassabis, Demis and Wierstra, Daan},
	Date-Added = {2020-04-24 14:41:43 -0400},
	Date-Modified = {2020-04-24 14:41:43 -0400},
	Journal = {arXiv preprint arXiv:1802.03006},
	Title = {Learning and querying fast generative models for reinforcement learning},
	Year = {2018}}

@article{planet,
	Author = {Hafner, Danijar and Lillicrap, Timothy and Fischer, Ian and Villegas, Ruben and Ha, David and Lee, Honglak and Davidson, James},
	Date-Added = {2020-04-24 14:41:43 -0400},
	Date-Modified = {2020-04-24 14:41:43 -0400},
	Journal = {arXiv preprint arXiv:1811.04551},
	Title = {Learning latent dynamics for planning from pixels},
	Year = {2018}}
	
@book{carruthers2006architecture,
  title={The architecture of the mind},
  author={Carruthers, Peter},
  year={2006},
  publisher={Oxford University Press}
}

@article{rosenbaum2018learning,
	Author = {Rosenbaum, Dan and Besse, Frederic and Viola, Fabio and Rezende, Danilo J and Eslami, SM},
	Date-Added = {2020-04-24 14:41:43 -0400},
	Date-Modified = {2020-04-24 14:41:43 -0400},
	Journal = {arXiv preprint arXiv:1807.03149},
	Title = {Learning models for visual 3D localization with implicit mapping},
	Year = {2018}}

@inproceedings{nam2016learning,
	Author = {Nam, Hyeonseob and Han, Bohyung},
	Booktitle = {Proceedings of the IEEE conference on computer vision and pattern recognition},
	Date-Added = {2020-04-24 14:41:43 -0400},
	Date-Modified = {2020-04-24 14:41:43 -0400},
	Pages = {4293--4302},
	Title = {Learning multi-domain convolutional neural networks for visual tracking},
	Year = {2016}}

@article{pinheiro2018learning,
	Author = {Pinheiro, Pedro O and Rostamzadeh, Negar and Ahn, Sungjin},
	Date-Added = {2020-04-24 14:41:43 -0400},
	Date-Modified = {2020-04-24 14:41:43 -0400},
	Journal = {International Conference on Computer Vision},
	Title = {Learning Single-View 3D Reconstruction with Adversarial Training},
	Year = {2019 (to appear)}}

@inproceedings{ddpae,
	Author = {Hsieh, Jun-Ting and Liu, Bingbin and Huang, De-An and Fei-Fei, Li F and Niebles, Juan Carlos},
	Booktitle = {Advances in Neural Information Processing Systems},
	Date-Added = {2020-04-24 14:41:43 -0400},
	Date-Modified = {2020-04-24 14:41:43 -0400},
	Pages = {517--526},
	Title = {Learning to decompose and disentangle representations for video prediction},
	Year = {2018}}

@inproceedings{hsieh2018learning,
	Author = {Hsieh, Jun-Ting and Liu, Bingbin and Huang, De-An and Fei-Fei, Li F and Niebles, Juan Carlos},
	Booktitle = {Advances in Neural Information Processing Systems},
	Date-Added = {2020-04-24 14:41:43 -0400},
	Date-Modified = {2020-04-24 14:41:43 -0400},
	Pages = {515--524},
	Title = {Learning to decompose and disentangle representations for video prediction},
	Year = {2018}}
	
@inproceedings{draw,
  title={DRAW: A Recurrent Neural Network For Image Generation},
  author={Gregor, Karol and Danihelka, Ivo and Graves, Alex and Rezende, Danilo and Wierstra, Daan},
  booktitle={International Conference on Machine Learning},
  pages={1462--1471},
  year={2015}
}
	
@book{peters2017elements,
  title={Elements of causal inference: foundations and learning algorithms},
  author={Peters, Jonas and Janzing, Dominik and Sch{\"o}lkopf, Bernhard},
  year={2017},
  publisher={MIT press}
}

@article{irm,
  title={Invariant risk minimization},
  author={Arjovsky, Martin and Bottou, L{\'e}on and Gulrajani, Ishaan and Lopez-Paz, David},
  journal={arXiv preprint arXiv:1907.02893},
  year={2019}
}
	
@article{bottou2014machine,
  title={From machine learning to machine reasoning},
  author={Bottou, L{\'e}on},
  journal={Machine learning},
  volume={94},
  number={2},
  pages={133--149},
  year={2014},
  publisher={Springer}
}
	
@misc{schlkopf2019causality,
    title={Causality for Machine Learning},
    author={Bernhard SchÃ¶lkopf},
    year={2019},
    eprint={1911.10500},
    archivePrefix={arXiv},
    primaryClass={cs.LG}
}

@article{lake2017building,
  title={Building machines that learn and think like people},
  author={Lake, Brenden M and Ullman, Tomer D and Tenenbaum, Joshua B and Gershman, Samuel J},
  journal={Behavioral and brain sciences},
  volume={40},
  year={2017},
  publisher={Cambridge University Press}
}

@article{silver2017mastering,
	Author = {Silver, David and Schrittwieser, Julian and Simonyan, Karen and Antonoglou, Ioannis and Huang, Aja and Guez, Arthur and Hubert, Thomas and Baker, Lucas and Lai, Matthew and Bolton, Adrian and others},
	Date-Added = {2020-04-24 14:41:43 -0400},
	Date-Modified = {2020-04-24 14:41:43 -0400},
	Journal = {Nature},
	Number = {7676},
	Pages = {354},
	Publisher = {Nature Publishing Group},
	Title = {Mastering the game of go without human knowledge},
	Volume = {550},
	Year = {2017}}

@article{mullally2014memory,
	Author = {Mullally, Sin{\'e}ad L and Maguire, Eleanor A},
	Date-Added = {2020-04-24 14:41:43 -0400},
	Date-Modified = {2020-04-24 14:41:43 -0400},
	Journal = {The Neuroscientist},
	Number = {3},
	Pages = {220--234},
	Publisher = {Sage Publications Sage CA: Los Angeles, CA},
	Title = {Memory, imagination, and predicting the future: a common brain mechanism?},
	Volume = {20},
	Year = {2014}}
	
@inproceedings{i2a,
  title={Imagination-augmented agents for deep reinforcement learning},
  author={Racani{\`e}re, S{\'e}bastien and Weber, Th{\'e}ophane and Reichert, David and Buesing, Lars and Guez, Arthur and Rezende, Danilo Jimenez and Badia, Adria Puigdomenech and Vinyals, Oriol and Heess, Nicolas and Li, Yujia and others},
  booktitle={Advances in neural information processing systems},
  pages={5690--5701},
  year={2017}
}

@article{hamrick2017metacontrol,
	Author = {Hamrick, Jessica B and Ballard, Andrew J and Pascanu, Razvan and Vinyals, Oriol and Heess, Nicolas and Battaglia, Peter W},
	Date-Added = {2020-04-24 14:41:43 -0400},
	Date-Modified = {2020-04-24 14:41:43 -0400},
	Journal = {arXiv preprint arXiv:1705.02670},
	Title = {Metacontrol for adaptive imagination-based optimization},
	Year = {2017}}

@article{monet,
	Author = {Burgess, Christopher P and Matthey, Loic and Watters, Nicholas and Kabra, Rishabh and Higgins, Irina and Botvinick, Matt and Lerchner, Alexander},
	Date-Added = {2020-04-24 14:41:43 -0400},
	Date-Modified = {2020-04-24 14:41:43 -0400},
	Journal = {arXiv preprint arXiv:1901.11390},
	Title = {Monet: Unsupervised scene decomposition and representation},
	Year = {2019}}

@inproceedings{mujoco,
	Author = {Todorov, Emanuel and Erez, Tom and Tassa, Yuval},
	Booktitle = {2012 IEEE/RSJ International Conference on Intelligent Robots and Systems},
	Date-Added = {2020-04-24 14:41:43 -0400},
	Date-Modified = {2020-04-24 14:41:43 -0400},
	Organization = {IEEE},
	Pages = {5026--5033},
	Title = {Mujoco: A physics engine for model-based control},
	Year = {2012}}

@article{iodine,
	Author = {Greff, Klaus and Kaufmann, Rapha{\"e}l Lopez and Kabra, Rishab and Watters, Nick and Burgess, Chris and Zoran, Daniel and Matthey, Loic and Botvinick, Matthew and Lerchner, Alexander},
	Date-Added = {2020-04-24 14:41:43 -0400},
	Date-Modified = {2020-04-24 14:41:43 -0400},
	Journal = {arXiv preprint arXiv:1903.00450},
	Title = {Multi-object representation learning with iterative variational inference},
	Year = {2019}}

@article{ba2014multiple,
	Author = {Ba, Jimmy and Mnih, Volodymyr and Kavukcuoglu, Koray},
	Date-Added = {2020-04-24 14:41:43 -0400},
	Date-Modified = {2020-04-24 14:41:43 -0400},
	Journal = {arXiv preprint arXiv:1412.7755},
	Title = {Multiple object recognition with visual attention},
	Year = {2014}}

@inproceedings{pritzel2017neural,
	Author = {Pritzel, Alexander and Uria, Benigno and Srinivasan, Sriram and Badia, Adria Puigdomenech and Vinyals, Oriol and Hassabis, Demis and Wierstra, Daan and Blundell, Charles},
	Booktitle = {Proceedings of the 34th International Conference on Machine Learning-Volume 70},
	Date-Added = {2020-04-24 14:41:43 -0400},
	Date-Modified = {2020-04-24 14:41:43 -0400},
	Organization = {JMLR. org},
	Pages = {2827--2836},
	Title = {Neural episodic control},
	Year = {2017}}

@inproceedings{nem,
	Author = {Greff, Klaus and van Steenkiste, Sjoerd and Schmidhuber, J{\"u}rgen},
	Booktitle = {Advances in Neural Information Processing Systems},
	Date-Added = {2020-04-24 14:41:43 -0400},
	Date-Modified = {2020-04-24 14:41:43 -0400},
	Pages = {6691--6701},
	Title = {Neural expectation maximization},
	Year = {2017}}

@inproceedings{greff2017neural,
	Author = {Greff, Klaus and van Steenkiste, Sjoerd and Schmidhuber, J{\"u}rgen},
	Booktitle = {Advances in Neural Information Processing Systems},
	Date-Added = {2020-04-24 14:41:43 -0400},
	Date-Modified = {2020-04-24 14:41:43 -0400},
	Pages = {6691--6701},
	Title = {Neural expectation maximization},
	Year = {2017}}

@article{np,
	Author = {Garnelo, Marta and Schwarz, Jonathan and Rosenbaum, Dan and Viola, Fabio and Rezende, Danilo J and Eslami, SM and Teh, Yee Whye},
	Date-Added = {2020-04-24 14:41:43 -0400},
	Date-Modified = {2020-04-24 14:41:43 -0400},
	Journal = {arXiv preprint arXiv:1807.01622},
	Title = {Neural processes},
	Year = {2018}}

@article{gqn,
	Author = {Eslami, SM Ali and Rezende, Danilo Jimenez and Besse, Frederic and Viola, Fabio and Morcos, Ari S and Garnelo, Marta and Ruderman, Avraham and Rusu, Andrei A and Danihelka, Ivo and Gregor, Karol and Reichert, David P and Buesing, Lars and Weber, Theophane and Vinyals, Oriol and Rosenbaum, Dan and Rabinowitz, Neil and King, Helen and Hillier, Chloe and Botvinick, Matt and Wierstra, Daan and Kavukcuoglu, Koray and Hassabis, Demis},
	Date-Added = {2020-04-24 14:41:43 -0400},
	Date-Modified = {2020-04-24 14:41:43 -0400},
	Journal = {Science},
	Number = {6394},
	Pages = {1204--1210},
	Publisher = {American Association for the Advancement of Science},
	Title = {Neural scene representation and rendering},
	Volume = {360},
	Year = {2018}}
	
@article{coreknowledge,
  title={Core knowledge},
  author={Spelke, Elizabeth S and Kinzler, Katherine D},
  journal={Developmental science},
  volume={10},
  number={1},
  pages={89--96},
  year={2007},
  publisher={Wiley Online Library}
}
	
@article{hood2009origins,
  title={The origins of object knowledge},
  author={Hood, Bruce M and Santos, Laurie R},
  year={2009}
}

@article{von1985object,
	Author = {von Hofsten, Claes and Spelke, Elizabeth S},
	Date-Added = {2020-04-24 14:41:43 -0400},
	Date-Modified = {2020-04-24 14:41:43 -0400},
	Journal = {Journal of Experimental Psychology: General},
	Number = {2},
	Pages = {198},
	Publisher = {American Psychological Association},
	Title = {Object perception and object-directed reaching in infancy.},
	Volume = {114},
	Year = {1985}}

@article{sun1992variable,
	Author = {Sun, Ron},
	Date-Added = {2020-04-24 14:41:43 -0400},
	Date-Modified = {2020-04-24 14:41:43 -0400},
	Journal = {Connection Science},
	Number = {2},
	Pages = {93--124},
	Publisher = {Taylor \& Francis},
	Title = {On variable binding in connectionist networks},
	Volume = {4},
	Year = {1992}}

@article{brockman2016openai,
	Author = {Brockman, Greg and Cheung, Vicki and Pettersson, Ludwig and Schneider, Jonas and Schulman, John and Tang, Jie and Zaremba, Wojciech},
	Date-Added = {2020-04-24 14:41:43 -0400},
	Date-Modified = {2020-04-24 14:41:43 -0400},
	Journal = {arXiv preprint arXiv:1606.01540},
	Title = {Openai gym},
	Year = {2016}}

@article{gulcehre2016pointing,
	Author = {Gulcehre, Caglar and Ahn, Sungjin and Nallapati, Ramesh and Zhou, Bowen and Bengio, Yoshua},
	Date-Added = {2020-04-24 14:41:43 -0400},
	Date-Modified = {2020-04-24 14:41:43 -0400},
	Journal = {Annual Meeting of the Association for Computational Linguistics (ACL)},
	Title = {Pointing the unknown words},
	Year = {2016}}

@article{gershman2017predicting,
	Author = {Gershman, Samuel J},
	Date-Added = {2020-04-24 14:41:43 -0400},
	Date-Modified = {2020-04-24 14:41:43 -0400},
	Journal = {Current opinion in behavioral sciences},
	Pages = {7--13},
	Publisher = {Elsevier},
	Title = {Predicting the past, remembering the future},
	Volume = {17},
	Year = {2017}}

@inproceedings{snell2017prototypical,
	Author = {Snell, Jake and Swersky, Kevin and Zemel, Richard},
	Booktitle = {Advances in Neural Information Processing Systems},
	Date-Added = {2020-04-24 14:41:43 -0400},
	Date-Modified = {2020-04-24 14:41:43 -0400},
	Pages = {4077--4087},
	Title = {Prototypical networks for few-shot learning},
	Year = {2017}}

@inproceedings{shi2016real,
	Author = {Shi, Wenzhe and Caballero, Jose and Husz{\'a}r, Ferenc and Totz, Johannes and Aitken, Andrew P and Bishop, Rob and Rueckert, Daniel and Wang, Zehan},
	Booktitle = {Proceedings of the IEEE conference on computer vision and pattern recognition},
	Date-Added = {2020-04-24 14:41:43 -0400},
	Date-Modified = {2020-04-24 14:41:43 -0400},
	Pages = {1874--1883},
	Title = {Real-time single image and video super-resolution using an efficient sub-pixel convolutional neural network},
	Year = {2016}}

@inproceedings{janner2018reasoning,
	Author = {Michael Janner and Sergey Levine and William T. Freeman and Joshua B. Tenenbaum and Chelsea Finn and Jiajun Wu},
	Booktitle = {International Conference on Learning Representations},
	Date-Added = {2020-04-24 14:41:43 -0400},
	Date-Modified = {2020-04-24 14:41:43 -0400},
	Title = {Reasoning About Physical Interactions with Object-Centric Models},
	Url = {https://openreview.net/forum?id=HJx9EhC9tQ},
	Year = {2019},
	Bdsk-Url-1 = {https://openreview.net/forum?id=HJx9EhC9tQ}}

@inproceedings{rebar,
	Author = {Tucker, George and Mnih, Andriy and Maddison, Chris J and Lawson, John and Sohl-Dickstein, Jascha},
	Booktitle = {Advances in Neural Information Processing Systems},
	Date-Added = {2020-04-24 14:41:43 -0400},
	Date-Modified = {2020-04-24 14:41:43 -0400},
	Pages = {2627--2636},
	Title = {Rebar: Low-variance, unbiased gradient estimates for discrete latent variable models},
	Year = {2017}}

@article{garnelo2019reconciling,
	Author = {Garnelo, Marta and Shanahan, Murray},
	Date-Added = {2020-04-24 14:41:43 -0400},
	Date-Modified = {2020-04-24 14:41:43 -0400},
	Journal = {Current Opinion in Behavioral Sciences},
	Pages = {17--23},
	Publisher = {Elsevier},
	Title = {Reconciling deep learning with symbolic artificial intelligence: representing objects and relations},
	Volume = {29},
	Year = {2019}}

@inproceedings{mnih2014recurrent,
	Author = {Mnih, Volodymyr and Heess, Nicolas and Graves, Alex and Kavukcuoglu, Koray},
	Booktitle = {Advances in neural information processing systems},
	Date-Added = {2020-04-24 14:41:43 -0400},
	Date-Modified = {2020-04-24 14:41:43 -0400},
	Pages = {2204--2212},
	Title = {Recurrent models of visual attention},
	Year = {2014}}

@misc{slotattention,
    title={Object-Centric Learning with Slot Attention},
    author={Francesco Locatello and Dirk Weissenborn and Thomas Unterthiner and Aravindh Mahendran and Georg Heigold and Jakob Uszkoreit and Alexey Dosovitskiy and Thomas Kipf},
    year={2020},
    eprint={2006.15055},
    archivePrefix={arXiv},
    primaryClass={cs.LG}
}

@article{young2019learning,
  title={Learning neurosymbolic generative models via program synthesis},
  author={Young, Halley and Bastani, Osbert and Naik, Mayur},
  journal={arXiv preprint arXiv:1901.08565},
  year={2019}
}	

@article{feinman2020generating,
  title={Generating new concepts with hybrid neuro-symbolic models},
  author={Feinman, Reuben and Lake, Brenden M},
  journal={arXiv preprint arXiv:2003.08978},
  year={2020}
}
	
@inproceedings{chen2018isolating,
  title={Isolating sources of disentanglement in variational autoencoders},
  author={Chen, Tian Qi and Li, Xuechen and Grosse, Roger B and Duvenaud, David K},
  booktitle={Advances in Neural Information Processing Systems},
  pages={2610--2620},
  year={2018}
}

@article{kim2018disentangling,
  title={Disentangling by factorising},
  author={Kim, Hyunjik and Mnih, Andriy},
  journal={arXiv preprint arXiv:1802.05983},
  year={2018}
}

@article{battaglia2018relational,
	Author = {Battaglia, Peter W and Hamrick, Jessica B and Bapst, Victor and Sanchez-Gonzalez, Alvaro and Zambaldi, Vinicius and Malinowski, Mateusz and Tacchetti, Andrea and Raposo, David and Santoro, Adam and Faulkner, Ryan and Gulcehre, Caglar and Song, Francis and Ballard, Andrew and Gilmer, Justin and Dahl, George and Vaswani, Ashish and Allen, Kelsey and Nash, Charles and Langston, Victoria and Dyer, Chris and Heess, Nicolas and Wierstra, Daan and Kohli, Pushmeet and Botvinick, Matt and Vinyals, Oriol and Li, Yujia and Pascanu, Razvan},
	Date-Added = {2020-04-24 14:41:43 -0400},
	Date-Modified = {2020-04-24 14:41:43 -0400},
	Journal = {arXiv preprint arXiv:1806.01261},
	Title = {Relational inductive biases, deep learning, and graph networks},
	Year = {2018}}

@article{van2018relational,
	Author = {van Steenkiste, Sjoerd and Chang, Michael and Greff, Klaus and Schmidhuber, J{\"u}rgen},
	Date-Added = {2020-04-24 14:41:43 -0400},
	Date-Modified = {2020-04-24 14:41:43 -0400},
	Journal = {arXiv preprint arXiv:1802.10353},
	Title = {Relational neural expectation maximization: Unsupervised discovery of objects and their interactions},
	Year = {2018}}

@article{rnem,
	Author = {Van Steenkiste, Sjoerd and Chang, Michael and Greff, Klaus and Schmidhuber, J{\"u}rgen},
	Date-Added = {2020-04-24 14:41:43 -0400},
	Date-Modified = {2020-04-24 14:41:43 -0400},
	Journal = {arXiv preprint arXiv:1802.10353},
	Title = {Relational neural expectation maximization: Unsupervised discovery of objects and their interactions},
	Year = {2018}}

@article{oord2018representation,
	Author = {Oord, Aaron van den and Li, Yazhe and Vinyals, Oriol},
	Date-Added = {2020-04-24 14:41:43 -0400},
	Date-Modified = {2020-04-24 14:41:43 -0400},
	Journal = {arXiv preprint arXiv:1807.03748},
	Title = {Representation learning with contrastive predictive coding},
	Year = {2018}}

@inproceedings{li2016scalable,
	Author = {Li, Wenzhe and Ahn, Sungjin and Welling, Max},
	Booktitle = {Artificial Intelligence and Statistics},
	Date-Added = {2020-04-24 14:41:43 -0400},
	Date-Modified = {2020-04-24 14:41:43 -0400},
	Pages = {723--731},
	Title = {Scalable MCMC for mixed membership stochastic blockmodels},
	Year = {2016}}

@inproceedings{scalor,
	Author = {Jiang, Jindong and Janghorbani, Sepehr and De Melo, Gerard and Ahn, Sungjin},
	Booktitle = {International Conference on Learning Representations},
	Date-Added = {2020-04-24 14:49:02 -0400},
	Date-Modified = {2020-04-24 14:49:08 -0400},
	Title = {SCALOR: Generative World Models with Scalable Object Representations},
	Year = {2019}}

@inproceedings{bengio2015scheduled,
	Author = {Bengio, Samy and Vinyals, Oriol and Jaitly, Navdeep and Shazeer, Noam},
	Booktitle = {Advances in Neural Information Processing Systems},
	Date-Added = {2020-04-24 14:41:43 -0400},
	Date-Modified = {2020-04-24 14:41:43 -0400},
	Pages = {1171--1179},
	Title = {Scheduled sampling for sequence prediction with recurrent neural networks},
	Year = {2015}}

@inproceedings{kansky2017schema,
	Author = {Kansky, Ken and Silver, Tom and M{\'e}ly, David A and Eldawy, Mohamed and L{\'a}zaro-Gredilla, Miguel and Lou, Xinghua and Dorfman, Nimrod and Sidor, Szymon and Phoenix, Scott and George, Dileep},
	Booktitle = {Proceedings of the 34th International Conference on Machine Learning-Volume 70},
	Date-Added = {2020-04-24 14:41:43 -0400},
	Date-Modified = {2020-04-24 14:41:43 -0400},
	Organization = {JMLR. org},
	Pages = {1809--1818},
	Title = {Schema networks: Zero-shot transfer with a generative causal model of intuitive physics},
	Year = {2017}}
	
@inproceedings{curl,
  title={Continual unsupervised representation learning},
  author={Rao, Dushyant and Visin, Francesco and Rusu, Andrei and Pascanu, Razvan and Teh, Yee Whye and Hadsell, Raia},
  booktitle={Advances in Neural Information Processing Systems},
  pages={7647--7657},
  year={2019}
}
	
@misc{zablotskaia2020unsupervised,
    title={Unsupervised Video Decomposition using Spatio-temporal Iterative Inference},
    author={Polina Zablotskaia and Edoardo A. Dominici and Leonid Sigal and Andreas M. Lehrmann},
    year={2020},
    eprint={2006.14727},
    archivePrefix={arXiv},
    primaryClass={cs.CV}
}

@inproceedings{sqair,
	Author = {Kosiorek, Adam and Kim, Hyunjik and Teh, Yee Whye and Posner, Ingmar},
	Booktitle = {Advances in Neural Information Processing Systems},
	Date-Added = {2020-04-24 14:41:43 -0400},
	Date-Modified = {2020-04-24 14:41:43 -0400},
	Pages = {8606--8616},
	Title = {Sequential attend, infer, repeat: Generative modelling of moving objects},
	Year = {2018}}

@misc{li2020causal,
    title={Causal Discovery in Physical Systems from Videos},
    author={Yunzhu Li and Antonio Torralba and Animashree Anandkumar and Dieter Fox and Animesh Garg},
    year={2020},
    eprint={2007.00631},
    archivePrefix={arXiv},
    primaryClass={cs.LG}
}

@article{objectfiles,
  title={The reviewing of object files: Object-specific integration of information},
  author={Kahneman, Daniel and Treisman, Anne and Gibbs, Brian J},
  journal={Cognitive psychology},
  volume={24},
  number={2},
  pages={175--219},
  year={1992},
  publisher={Elsevier}
}

@inproceedings{transporter,
  title={Unsupervised learning of object keypoints for perception and control},
  author={Kulkarni, Tejas D and Gupta, Ankush and Ionescu, Catalin and Borgeaud, Sebastian and Reynolds, Malcolm and Zisserman, Andrew and Mnih, Volodymyr},
  booktitle={Advances in neural information processing systems},
  pages={10724--10734},
  year={2019}
}


@inproceedings{kosiorek2018sequential,
	Author = {Kosiorek, Adam and Kim, Hyunjik and Teh, Yee Whye and Posner, Ingmar},
	Booktitle = {Advances in Neural Information Processing Systems},
	Date-Added = {2020-04-24 14:41:43 -0400},
	Date-Modified = {2020-04-24 14:41:43 -0400},
	Pages = {8606--8616},
	Title = {Sequential attend, infer, repeat: Generative modelling of moving objects},
	Year = {2018}}

@inproceedings{fraccaro2016sequential,
	Author = {Fraccaro, Marco and S{\o}nderby, S{\o}ren Kaae and Paquet, Ulrich and Winther, Ole},
	Booktitle = {Advances in neural information processing systems},
	Date-Added = {2020-04-24 14:41:43 -0400},
	Date-Modified = {2020-04-24 14:41:43 -0400},
	Pages = {2199--2207},
	Title = {Sequential neural models with stochastic layers},
	Year = {2016}}
	
@inproceedings{rainbow,
  title={Rainbow: Combining improvements in deep reinforcement learning},
  author={Hessel, Matteo and Modayil, Joseph and Van Hasselt, Hado and Schaul, Tom and Ostrovski, Georg and Dabney, Will and Horgan, Dan and Piot, Bilal and Azar, Mohammad and Silver, David},
  booktitle={Thirty-Second AAAI Conference on Artificial Intelligence},
  year={2018}
}

@inproceedings{snp,
  title={Sequential Neural Processes},
  author={Singh, Gautam and Yoon, Jaesik and Son, Youngsung and Ahn, Sungjin},
  booktitle={Advances in Neural Information Processing Systems},
  pages={10254--10264},
  year={2019}
}

@article{lee2018set,
	Author = {Lee, Juho and Lee, Yoonho and Kim, Jungtaek and Kosiorek, Adam R and Choi, Seungjin and Teh, Yee Whye},
	Date-Added = {2020-04-24 14:41:43 -0400},
	Date-Modified = {2020-04-24 14:41:43 -0400},
	Journal = {arXiv preprint arXiv:1810.00825},
	Title = {Set transformer},
	Year = {2018}}

@article{shapenet,
	Author = {Chang, Angel X and Funkhouser, Thomas and Guibas, Leonidas and Hanrahan, Pat and Huang, Qixing and Li, Zimo and Savarese, Silvio and Savva, Manolis and Song, Shuran and Su, Hao and Xiao, Jianxiong and Yi, Li and Yu, Fisher},
	Date-Added = {2020-04-24 14:41:43 -0400},
	Date-Modified = {2020-04-24 14:41:43 -0400},
	Journal = {arXiv preprint arXiv:1512.03012},
	Title = {Shapenet: An information-rich 3d model repository},
	Year = {2015}}

@inproceedings{tao2016siamese,
	Author = {Tao, Ran and Gavves, Efstratios and Smeulders, Arnold WM},
	Booktitle = {Proceedings of the IEEE conference on computer vision and pattern recognition},
	Date-Added = {2020-04-24 14:41:43 -0400},
	Date-Modified = {2020-04-24 14:41:43 -0400},
	Pages = {1420--1429},
	Title = {Siamese instance search for tracking},
	Year = {2016}}

@article{reinforce,
	Author = {Williams, Ronald J},
	Date-Added = {2020-04-24 14:41:43 -0400},
	Date-Modified = {2020-04-24 14:41:43 -0400},
	Journal = {Machine learning},
	Number = {3-4},
	Pages = {229--256},
	Publisher = {Springer},
	Title = {Simple statistical gradient-following algorithms for connectionist reinforcement learning},
	Volume = {8},
	Year = {1992}}

@inproceedings{space,
	Author = {Zhixuan Lin and Yi-Fu Wu and Skand Vishwanath Peri and Weihao Sun and Gautam Singh and Fei Deng and Jindong Jiang and Sungjin Ahn},
	Booktitle = {International Conference on Learning Representations},
	Date-Added = {2020-04-24 14:41:43 -0400},
	Date-Modified = {2020-04-24 14:41:43 -0400},
	Title = {SPACE: Unsupervised Object-Oriented Scene Representation via Spatial Attention and Decomposition},
	Year = {2020}}
	
@inproceedings{vizdoom,
  title={Vizdoom: A doom-based ai research platform for visual reinforcement learning},
  author={Kempka, Micha{\l} and Wydmuch, Marek and Runc, Grzegorz and Toczek, Jakub and Ja{\'s}kowski, Wojciech},
  booktitle={2016 IEEE Conference on Computational Intelligence and Games (CIG)},
  pages={1--8},
  year={2016},
  organization={IEEE}
}

@article{lstm,
  title={Long short-term memory},
  author={Hochreiter, Sepp and Schmidhuber, J{\"u}rgen},
  journal={Neural computation},
  volume={9},
  number={8},
  pages={1735--1780},
  year={1997},
  publisher={MIT Press}
}

@article{ntm,
  title={Neural turing machines},
  author={Graves, Alex and Wayne, Greg and Danihelka, Ivo},
  journal={arXiv preprint arXiv:1410.5401},
  year={2014}
}

@article{ntm_nature,
  title={Hybrid computing using a neural network with dynamic external memory},
  author={Graves, Alex and Wayne, Greg and Reynolds, Malcolm and Harley, Tim and Danihelka, Ivo and Grabska-Barwi{\'n}ska, Agnieszka and Colmenarejo, Sergio G{\'o}mez and Grefenstette, Edward and Ramalho, Tiago and Agapiou, John and others},
  journal={Nature},
  volume={538},
  number={7626},
  pages={471--476},
  year={2016},
  publisher={Nature Publishing Group}
}
	
	
@article{gpt3,
  title={Language models are few-shot learners},
  author={Brown, Tom B and Mann, Benjamin and Ryder, Nick and Subbiah, Melanie and Kaplan, Jared and Dhariwal, Prafulla and Neelakantan, Arvind and Shyam, Pranav and Sastry, Girish and Askell, Amanda and others},
  journal={arXiv preprint arXiv:2005.14165},
  year={2020}
}

@inproceedings{spatial_transformer,
	Author = {Jaderberg, Max and Simonyan, Karen and Zisserman, Andrew and Kavukcuoglu, Koray},
	Booktitle = {Advances in neural information processing systems},
	Date-Added = {2020-04-24 14:41:43 -0400},
	Date-Modified = {2020-04-24 14:41:43 -0400},
	Pages = {2017--2025},
	Title = {Spatial transformer networks},
	Year = {2015}}

@inproceedings{jaderberg2015spatial,
	Author = {Jaderberg, Max and Simonyan, Karen and Zisserman, Andrew and others},
	Booktitle = {Advances in neural information processing systems},
	Date-Added = {2020-04-24 14:41:43 -0400},
	Date-Modified = {2020-04-24 14:41:43 -0400},
	Pages = {2017--2025},
	Title = {Spatial transformer networks},
	Year = {2015}}

@inproceedings{spair,
	Author = {Crawford, Eric and Pineau, Joelle},
	Booktitle = {Proceedings of AAAI},
	Date-Added = {2020-04-24 14:41:43 -0400},
	Date-Modified = {2020-04-24 14:41:43 -0400},
	Title = {Spatially invariant unsupervised object detection with convolutional neural networks},
	Year = {2019}}

@inproceedings{ning2017spatially,
	Author = {Ning, Guanghan and Zhang, Zhi and Huang, Chen and Ren, Xiaobo and Wang, Haohong and Cai, Canhui and He, Zhihai},
	Booktitle = {2017 IEEE International Symposium on Circuits and Systems (ISCAS)},
	Date-Added = {2020-04-24 14:41:43 -0400},
	Date-Modified = {2020-04-24 14:41:43 -0400},
	Organization = {IEEE},
	Pages = {1--4},
	Title = {Spatially supervised recurrent convolutional neural networks for visual object tracking},
	Year = {2017}}

@article{zheng2017state,
	Author = {Zheng, Xun and Zaheer, Manzil and Ahmed, Amr and Wang, Yuan and Xing, Eric P and Smola, Alexander J},
	Date-Added = {2020-04-24 14:41:43 -0400},
	Date-Modified = {2020-04-24 14:41:43 -0400},
	Journal = {arXiv preprint arXiv:1711.11179},
	Title = {State space lstm models with particle mcmc inference},
	Year = {2017}}

@article{auger2016state,
	Author = {Auger-M{\'e}th{\'e}, Marie and Field, Chris and Albertsen, Christoffer M and Derocher, Andrew E and Lewis, Mark A and Jonsen, Ian D and Flemming, Joanna Mills},
	Date-Added = {2020-04-24 14:41:43 -0400},
	Date-Modified = {2020-04-24 14:41:43 -0400},
	Journal = {Scientific reports},
	Pages = {26677},
	Publisher = {Nature Publishing Group},
	Title = {State-space models' dirty little secrets: even simple linear Gaussian models can have estimation problems},
	Volume = {6},
	Year = {2016}}
	
@article{stove,
  title={Structured Object-Aware Physics Prediction for Video Modeling and Planning},
  author={Kossen, Jannik and Stelzner, Karl and Hussing, Marcel and Voelcker, Claas and Kersting, Kristian},
  journal={arXiv preprint arXiv:1910.02425},
  year={2019}
}

@article{bapst2019structured,
	Author = {Bapst, Victor and Sanchez-Gonzalez, Alvaro and Doersch, Carl and Stachenfeld, Kimberly L and Kohli, Pushmeet and Battaglia, Peter W and Hamrick, Jessica B},
	Date-Added = {2020-04-24 14:41:43 -0400},
	Date-Modified = {2020-04-24 14:41:43 -0400},
	Journal = {arXiv preprint arXiv:1904.03177},
	Title = {Structured agents for physical construction},
	Year = {2019}}

@inproceedings{krishnan2017structured,
	Author = {Krishnan, Rahul G and Shalit, Uri and Sontag, David},
	Booktitle = {Thirty-First AAAI Conference on Artificial Intelligence},
	Date-Added = {2020-04-24 14:41:43 -0400},
	Date-Modified = {2020-04-24 14:41:43 -0400},
	Title = {Structured inference networks for nonlinear state space models},
	Year = {2017}}

@article{mao2019neuro,
	Author = {Mao, Jiayuan and Gan, Chuang and Kohli, Pushmeet and Tenenbaum, Joshua B and Wu, Jiajun},
	Date-Added = {2020-04-24 14:41:43 -0400},
	Date-Modified = {2020-04-24 14:41:43 -0400},
	Journal = {International Conference on Learning Representations},
	Title = {The neuro-symbolic concept learner: Interpreting scenes, words, and sentences from natural supervision},
	Year = {2019}}

@article{martin2007representation,
	Author = {Martin, Alex},
	Date-Added = {2020-04-24 14:41:43 -0400},
	Date-Modified = {2020-04-24 14:41:43 -0400},
	Journal = {Annu. Rev. Psychol.},
	Pages = {25--45},
	Publisher = {Annual Reviews},
	Title = {The representation of object concepts in the brain},
	Volume = {58},
	Year = {2007}}

@inproceedings{gregor2016towards,
	Author = {Gregor, Karol and Besse, Frederic and Rezende, Danilo Jimenez and Danihelka, Ivo and Wierstra, Daan},
	Booktitle = {Advances In Neural Information Processing Systems},
	Date-Added = {2020-04-24 14:41:43 -0400},
	Date-Modified = {2020-04-24 14:41:43 -0400},
	Pages = {3549--3557},
	Title = {Towards conceptual compression},
	Year = {2016}}

@inproceedings{tba,
	Author = {He, Zhen and Li, Jian and Liu, Daxue and He, Hangen and Barber, David},
	Booktitle = {Proceedings of the IEEE Conference on Computer Vision and Pattern Recognition},
	Date-Added = {2020-04-24 14:41:43 -0400},
	Date-Modified = {2020-04-24 14:41:43 -0400},
	Pages = {1318--1327},
	Title = {Tracking by Animation: Unsupervised Learning of Multi-Object Attentive Trackers},
	Year = {2019}}

@inproceedings{zhou2012understanding,
	Author = {Zhou, Bolei and Wang, Xiaogang and Tang, Xiaoou},
	Booktitle = {2012 IEEE Conference on Computer Vision and Pattern Recognition},
	Date-Added = {2020-04-24 14:41:43 -0400},
	Date-Modified = {2020-04-24 14:41:43 -0400},
	Organization = {IEEE},
	Pages = {2871--2878},
	Title = {Understanding collective crowd behaviors: Learning a mixture model of dynamic pedestrian-agents},
	Year = {2012}}

@article{nguyen2017variational,
	Author = {Nguyen, Cuong V and Li, Yingzhen and Bui, Thang D and Turner, Richard E},
	Date-Added = {2020-04-24 14:41:43 -0400},
	Date-Modified = {2020-04-24 14:41:43 -0400},
	Journal = {arXiv preprint arXiv:1710.10628},
	Title = {Variational continual learning},
	Year = {2017}}

@article{vimco,
	Author = {Mnih, Andriy and Rezende, Danilo J},
	Date-Added = {2020-04-24 14:41:43 -0400},
	Date-Modified = {2020-04-24 14:41:43 -0400},
	Journal = {arXiv preprint arXiv:1602.06725},
	Title = {Variational inference for monte carlo objectives},
	Year = {2016}}

@inproceedings{bornschein2017variational,
	Author = {Bornschein, J{\"o}rg and Mnih, Andriy and Zoran, Daniel and Rezende, Danilo Jimenez},
	Booktitle = {Advances in Neural Information Processing Systems},
	Date-Added = {2020-04-24 14:41:43 -0400},
	Date-Modified = {2020-04-24 14:41:43 -0400},
	Pages = {3920--3929},
	Title = {Variational memory addressing in generative models},
	Year = {2017}}

@article{vta,
	Author = {Kim, Taesup and Ahn, Sungjin and Bengio, Yoshua},
	Date-Added = {2020-04-24 14:41:43 -0400},
	Date-Modified = {2020-04-24 14:41:43 -0400},
	Journal = {ICML Workshop on Generative Modeling and Model-Based Reasoning for Robotics and AI},
	Title = {Variational Temporal Abstraction},
	Year = {2019}}

@article{world2019,
	Author = {{Azar}, Mohammad Gheshlaghi and {Piot}, Bilal and {Pires}, Bernardo Avila and {Grill}, Jean-Bastian and {Altch{\'e}}, Florent and {Munos}, R{\'e}mi},
	Date-Added = {2020-04-24 14:41:43 -0400},
	Date-Modified = {2020-04-24 14:41:43 -0400},
	Journal = {arXiv preprint arXiv:1902.07685},
	Title = {World Discovery Models},
	Year = {2019}}

@inproceedings{yolo,
	Author = {Redmon, Joseph and Divvala, Santosh and Girshick, Ross and Farhadi, Ali},
	Booktitle = {Proceedings of the IEEE conference on computer vision and pattern recognition},
	Date-Added = {2020-04-24 14:41:43 -0400},
	Date-Modified = {2020-04-24 14:41:43 -0400},
	Pages = {779--788},
	Title = {You only look once: Unified, real-time object detection},
	Year = {2016}}
